@article{deGouvea:2021ual,
    author = "de Gouvea, Andre and Fox, Patrick J. and Kayser, Boris Jules and Kelly, Kevin James",
    title = "{Three-body decays of heavy Dirac and Majorana fermions}",
    eprint = "2104.05719",
    archivePrefix = "arXiv",
    primaryClass = "hep-ph",
    reportNumber = "FERMILAB-PUB-21-180-T, NUHEP-TH/21-01",
    doi = "10.1103/PhysRevD.104.015038",
    journal = "Phys. Rev. D",
    volume = "104",
    number = "1",
    pages = "015038",
    year = "2021"
}
@article{Chun:2019nwi,
    author = "Chun, Eung Jin and Das, Arindam and Mandal, Sanjoy and Mitra, Manimala and Sinha, Nita",
    title = "{Sensitivity of Lepton Number Violating Meson Decays in Different Experiments}",
    eprint = "1908.09562",
    archivePrefix = "arXiv",
    primaryClass = "hep-ph",
    reportNumber = "OU-HEP-1016, IP/BBSR/2019-4",
    doi = "10.1103/PhysRevD.100.095022",
    journal = "Phys. Rev. D",
    volume = "100",
    number = "9",
    pages = "095022",
    year = "2019"
}
@article{Fernandez-Martinez:2016lgt,
    author = "Fernandez-Martinez, Enrique and Hernandez-Garcia, Josu and Lopez-Pavon, Jacobo",
    title = "{Global constraints on heavy neutrino mixing}",
    eprint = "1605.08774",
    archivePrefix = "arXiv",
    primaryClass = "hep-ph",
    doi = "10.1007/JHEP08(2016)033",
    journal = "JHEP",
    volume = "08",
    pages = "033",
    year = "2016"
}
@article{deGouvea:2015euy,
    author = "de Gouv\^ea, Andr\'e and Kobach, Andrew",
    title = "{Global Constraints on a Heavy Neutrino}",
    eprint = "1511.00683",
    archivePrefix = "arXiv",
    primaryClass = "hep-ph",
    reportNumber = "NUHEP-TH-15-03",
    doi = "10.1103/PhysRevD.93.033005",
    journal = "Phys. Rev. D",
    volume = "93",
    number = "3",
    pages = "033005",
    year = "2016"
}
@article{Atre:2009rg,
    author = "Atre, Anupama and Han, Tao and Pascoli, Silvia and Zhang, Bin",
    title = "{The Search for Heavy Majorana Neutrinos}",
    eprint = "0901.3589",
    archivePrefix = "arXiv",
    primaryClass = "hep-ph",
    reportNumber = "FERMILAB-PUB-08-086-T, NSF-KITP-08-54, MADPH-06-1466, DCPT-07-198, IPPP-07-99",
    doi = "10.1088/1126-6708/2009/05/030",
    journal = "JHEP",
    volume = "05",
    pages = "030",
    year = "2009"
}
@article{Boiarska:2021yho,
    author = "Boiarska, Iryna and Boyarsky, Alexey and Mikulenko, Oleksii and Ovchynnikov, Maksym",
    title = "{Blast from the past: constraints from the CHARM experiment on Heavy Neutral Leptons with tau mixing}",
    eprint = "2107.14685",
    archivePrefix = "arXiv",
    primaryClass = "hep-ph",
    month = "7",
    year = "2021"
}
@inproceedings{Chauveau:1985iz,
    author = "Chauveau, Jacques",
    title = "{A SEARCH FOR HEAVY NEUTRINOS: RESULTS OF THE PS-191 EXPERIMENT}",
    booktitle = "{6th Workshop on Grand Unification}",
    reportNumber = "LPC-85-22",
    month = "4",
    year = "1985"
}
@article{Pospelov:2011ha,
    author = "Pospelov, Maxim",
    title = "{Neutrino Physics with Dark Matter Experiments and the Signature of New Baryonic Neutral Currents}",
    eprint = "1103.3261",
    archivePrefix = "arXiv",
    primaryClass = "hep-ph",
    doi = "10.1103/PhysRevD.84.085008",
    journal = "Phys. Rev. D",
    volume = "84",
    pages = "085008",
    year = "2011"
}
@article{MicroBooNE:2016pwy,
    author = "Acciarri, R. and others",
    collaboration = "MicroBooNE",
    title = "{Design and Construction of the MicroBooNE Detector}",
    eprint = "1612.05824",
    archivePrefix = "arXiv",
    primaryClass = "physics.ins-det",
    reportNumber = "FERMILAB-PUB-16-613-ND",
    doi = "10.1088/1748-0221/12/02/P02017",
    journal = "JINST",
    volume = "12",
    number = "02",
    pages = "P02017",
    year = "2017"
}
@article{MiniBooNE:2018esg,
    author = "Aguilar-Arevalo, A. A. and others",
    collaboration = "MiniBooNE",
    title = "{Significant Excess of ElectronLike Events in the MiniBooNE Short-Baseline Neutrino Experiment}",
    eprint = "1805.12028",
    archivePrefix = "arXiv",
    primaryClass = "hep-ex",
    reportNumber = "LA-UR-18-24586, FERMILAB-PUB-18-219-AD-PPD-ND",
    doi = "10.1103/PhysRevLett.121.221801",
    journal = "Phys. Rev. Lett.",
    volume = "121",
    number = "22",
    pages = "221801",
    year = "2018"
}
@article{MiniBooNE:2020pnu,
    author = "Aguilar-Arevalo, A. A. and others",
    collaboration = "MiniBooNE",
    title = "{Updated MiniBooNE neutrino oscillation results with increased data and new background studies}",
    eprint = "2006.16883",
    archivePrefix = "arXiv",
    primaryClass = "hep-ex",
    reportNumber = "LA-UR-20-29235, LA-UR-20-24753, FERMILAB-PUB-20-288-AD-ND",
    doi = "10.1103/PhysRevD.103.052002",
    journal = "Phys. Rev. D",
    volume = "103",
    number = "5",
    pages = "052002",
    year = "2021"
}
@article{Abdullahi:2020nyr,
    author = "Abdullahi, Asli and Hostert, Matheus and Pascoli, Silvia",
    title = "{A dark seesaw solution to low energy anomalies: MiniBooNE, the muon (g \ensuremath{-} 2), and BaBar}",
    eprint = "2007.11813",
    archivePrefix = "arXiv",
    primaryClass = "hep-ph",
    reportNumber = "FTPI-MINN-20-25, IPPP/20/32, FTPI-MINN-20-25,IPPP/20/32",
    doi = "10.1016/j.physletb.2021.136531",
    journal = "Phys. Lett. B",
    volume = "820",
    pages = "136531",
    year = "2021"
}
@article{Leurer:1989hx,
    author = "Leurer, Miriam and Marcus, Neil",
    title = "{A Model for a Large Neutrino Magnetic Transition Moment and Naturally Small Mass}",
    reportNumber = "TECHNION-PH-89-48",
    doi = "10.1016/0370-2693(90)90466-J",
    journal = "Phys. Lett. B",
    volume = "237",
    pages = "81--87",
    year = "1990"
}
@article{Babu:1989px,
    author = "Babu, K. S. and Mohapatra, R. N.",
    title = "{Supersymmetry and Large Transition Magnetic Moment of the Neutrino}",
    reportNumber = "MdDP-PP-90-077",
    doi = "10.1103/PhysRevLett.64.1705",
    journal = "Phys. Rev. Lett.",
    volume = "64",
    pages = "1705",
    year = "1990"
}
@article{Babu:1989wn,
    author = "Babu, K. S. and Mohapatra, R. N.",
    title = "{Model for Large Transition Magnetic Moment of the $\nu_e$}",
    reportNumber = "MdDP-PP-89-163",
    doi = "10.1103/PhysRevLett.63.228",
    journal = "Phys. Rev. Lett.",
    volume = "63",
    pages = "228",
    year = "1989"
}
@article{Barbieri:1988fh,
    author = "Barbieri, Riccardo and Mohapatra, Rabindra N.",
    title = "{A Neutrino With a Large Magnetic Moment and a Naturally Small Mass}",
    reportNumber = "UMd-PP-89-079",
    doi = "10.1016/0370-2693(89)91423-8",
    journal = "Phys. Lett. B",
    volume = "218",
    pages = "225--229",
    year = "1989"
}
@article{Voloshin:1987qy,
    author = "Voloshin, M. B.",
    title = "{On Compatibility of Small Mass with Large Magnetic Moment of Neutrino}",
    reportNumber = "ITEP-87-215",
    journal = "Sov. J. Nucl. Phys.",
    volume = "48",
    pages = "512",
    year = "1988"
}

@article{PIENU:2019usb,
    author = "Aguilar-Arevalo, A. and others",
    collaboration = "PIENU",
    title = "{Search for heavy neutrinos in $\pi \to \mu\nu$ decay}",
    eprint = "1904.03269",
    archivePrefix = "arXiv",
    primaryClass = "hep-ex",
    doi = "10.1016/j.physletb.2019.134980",
    journal = "Phys. Lett. B",
    volume = "798",
    pages = "134980",
    year = "2019"
}
@article{PIENU:2017wbj,
    author = "Aguilar-Arevalo, A. and others",
    collaboration = "PIENU",
    title = "{Improved search for heavy neutrinos in the decay $\pi\rightarrow e\nu$}",
    eprint = "1712.03275",
    archivePrefix = "arXiv",
    primaryClass = "hep-ex",
    doi = "10.1103/PhysRevD.97.072012",
    journal = "Phys. Rev. D",
    volume = "97",
    number = "7",
    pages = "072012",
    year = "2018"
}
@article{NA62:2021bji,
    author = "Cortina Gil, Eduardo and others",
    collaboration = "NA62",
    title = "{Search for $K^+$ decays to a muon and invisible particles}",
    eprint = "2101.12304",
    archivePrefix = "arXiv",
    primaryClass = "hep-ex",
    reportNumber = "CERN-EP-2021-018",
    doi = "10.1016/j.physletb.2021.136259",
    journal = "Phys. Lett. B",
    volume = "816",
    pages = "136259",
    year = "2021"
}
@article{NA62:2020mcv,
    author = "Cortina Gil, Eduardo and others",
    collaboration = "NA62",
    title = "{Search for heavy neutral lepton production in $K^+$ decays to positrons}",
    eprint = "2005.09575",
    archivePrefix = "arXiv",
    primaryClass = "hep-ex",
    reportNumber = "CERN-EP-2020-089",
    doi = "10.1016/j.physletb.2020.135599",
    journal = "Phys. Lett. B",
    volume = "807",
    pages = "135599",
    year = "2020"
}
@article{Agrawal:2021dbo,
    author = "Agrawal, Prateek and others",
    title = "{Feebly-Interacting Particles:FIPs 2020 Workshop Report}",
    eprint = "2102.12143",
    archivePrefix = "arXiv",
    primaryClass = "hep-ph",
    month = "2",
    year = "2021"
}

@article{Boyarsky:2020dzc,
    author = "Boyarsky, Alexey and Ovchynnikov, Maksym and Ruchayskiy, Oleg and Syvolap, Vsevolod",
    title = "{Improved big bang nucleosynthesis constraints on heavy neutral leptons}",
    eprint = "2008.00749",
    archivePrefix = "arXiv",
    primaryClass = "hep-ph",
    doi = "10.1103/PhysRevD.104.023517",
    journal = "Phys. Rev. D",
    volume = "104",
    number = "2",
    pages = "023517",
    year = "2021"
}
@article{Vergani:2021tgc,
    author = {Vergani, Stefano and Kamp, Nicholas W. and Diaz, Alejandro and Arg\"uelles, Carlos A. and Conrad, Janet M. and Shaevitz, Mike H. and Uchida, Melissa A.},
    title = "{Explaining the MiniBooNE Excess Through a Mixed Model of Oscillation and Decay}",
    eprint = "2105.06470",
    archivePrefix = "arXiv",
    primaryClass = "hep-ph",
    month = "5",
    year = "2021"
}
@article{Aparici:2009fh,
    author = "Aparici, Alberto and Kim, Kyungwook and Santamaria, Arcadi and Wudka, Jose",
    title = "{Right-handed neutrino magnetic moments}",
    eprint = "0904.3244",
    archivePrefix = "arXiv",
    primaryClass = "hep-ph",
    reportNumber = "FTUV-09-0421, IFIC-09-15, UCRHEP-T466",
    doi = "10.1103/PhysRevD.80.013010",
    journal = "Phys. Rev. D",
    volume = "80",
    pages = "013010",
    year = "2009"
}
@article{Gninenko:2009ks,
    author = "Gninenko, S. N.",
    title = "{The MiniBooNE anomaly and heavy neutrino decay}",
    eprint = "0902.3802",
    archivePrefix = "arXiv",
    primaryClass = "hep-ph",
    doi = "10.1103/PhysRevLett.103.241802",
    journal = "Phys. Rev. Lett.",
    volume = "103",
    pages = "241802",
    year = "2009"
}
@article{Gninenko:2010pr,
    author = "Gninenko, Sergei N.",
    title = "{A resolution of puzzles from the LSND, KARMEN, and MiniBooNE experiments}",
    eprint = "1009.5536",
    archivePrefix = "arXiv",
    primaryClass = "hep-ph",
    doi = "10.1103/PhysRevD.83.015015",
    journal = "Phys. Rev. D",
    volume = "83",
    pages = "015015",
    year = "2011"
}
@article{Shoemaker:2018vii,
    author = "Shoemaker, Ian M. and Wyenberg, Jason",
    title = "{Direct Detection Experiments at the Neutrino Dipole Portal Frontier}",
    eprint = "1811.12435",
    archivePrefix = "arXiv",
    primaryClass = "hep-ph",
    doi = "10.1103/PhysRevD.99.075010",
    journal = "Phys. Rev. D",
    volume = "99",
    number = "7",
    pages = "075010",
    year = "2019"
}
@article{Magill:2018jla,
    author = "Magill, Gabriel and Plestid, Ryan and Pospelov, Maxim and Tsai, Yu-Dai",
    title = "{Dipole Portal to Heavy Neutral Leptons}",
    eprint = "1803.03262",
    archivePrefix = "arXiv",
    primaryClass = "hep-ph",
    reportNumber = "FERMILAB-PUB-18-745-A",
    doi = "10.1103/PhysRevD.98.115015",
    journal = "Phys. Rev. D",
    volume = "98",
    number = "11",
    pages = "115015",
    year = "2018"
}
@article{Brdar:2020quo,
    author = "Brdar, Vedran and Greljo, Admir and Kopp, Joachim and Opferkuch, Toby",
    title = "{The Neutrino Magnetic Moment Portal: Cosmology, Astrophysics, and Direct Detection}",
    eprint = "2007.15563",
    archivePrefix = "arXiv",
    primaryClass = "hep-ph",
    reportNumber = "CERN-TH-2020-130, MITP/20-041",
    doi = "10.1088/1475-7516/2021/01/039",
    journal = "JCAP",
    volume = "01",
    pages = "039",
    year = "2021"
}
@article{Sarkar:1995dd,
    author = "Sarkar, Subir",
    title = "{Big bang nucleosynthesis and physics beyond the standard model}",
    eprint = "hep-ph/9602260",
    archivePrefix = "arXiv",
    reportNumber = "OUTP-95-16-P",
    doi = "10.1088/0034-4885/59/12/001",
    journal = "Rept. Prog. Phys.",
    volume = "59",
    pages = "1493--1610",
    year = "1996"
}
@article{Dolgov:2000jw,
    author = "Dolgov, A. D. and Hansen, S. H. and Raffelt, G. and Semikoz, D. V.",
    title = "{Heavy sterile neutrinos: Bounds from big bang nucleosynthesis and SN1987A}",
    eprint = "hep-ph/0008138",
    archivePrefix = "arXiv",
    doi = "10.1016/S0550-3213(00)00566-6",
    journal = "Nucl. Phys. B",
    volume = "590",
    pages = "562--574",
    year = "2000"
}
@article{Ruchayskiy:2012si,
    author = "Ruchayskiy, Oleg and Ivashko, Artem",
    title = "{Restrictions on the lifetime of sterile neutrinos from primordial nucleosynthesis}",
    eprint = "1202.2841",
    archivePrefix = "arXiv",
    primaryClass = "hep-ph",
    reportNumber = "CERN-PH-TH-2012-042",
    doi = "10.1088/1475-7516/2012/10/014",
    journal = "JCAP",
    volume = "10",
    pages = "014",
    year = "2012"
}
@article{Hufnagel:2017dgo,
    author = "Hufnagel, Marco and Schmidt-Hoberg, Kai and Wild, Sebastian",
    title = "{BBN constraints on MeV-scale dark sectors. Part I. Sterile decays}",
    eprint = "1712.03972",
    archivePrefix = "arXiv",
    primaryClass = "hep-ph",
    reportNumber = "DESY-17-211",
    doi = "10.1088/1475-7516/2018/02/044",
    journal = "JCAP",
    volume = "02",
    pages = "044",
    year = "2018"
}
@article{Sabti:2020yrt,
    author = "Sabti, Nashwan and Magalich, Andrii and Filimonova, Anastasiia",
    title = "{An Extended Analysis of Heavy Neutral Leptons during Big Bang Nucleosynthesis}",
    eprint = "2006.07387",
    archivePrefix = "arXiv",
    primaryClass = "hep-ph",
    reportNumber = "KCL-2020-09",
    doi = "10.1088/1475-7516/2020/11/056",
    journal = "JCAP",
    volume = "11",
    pages = "056",
    year = "2020"
}
@article{Bondarenko:2021cpc,
    author = "Bondarenko, Kyrylo and Boyarsky, Alexey and Klaric, Juraj and Mikulenko, Oleksii and Ruchayskiy, Oleg and Syvolap, Vsevolod and Timiryasov, Inar",
    title = "{An allowed window for heavy neutral leptons below the kaon mass}",
    eprint = "2101.09255",
    archivePrefix = "arXiv",
    primaryClass = "hep-ph",
    doi = "10.1007/JHEP07(2021)193",
    journal = "JHEP",
    volume = "07",
    pages = "193",
    year = "2021"
}
@inproceedings{Levy:1986yx,
    author = "Levy, J. M.",
    title = "{Limits on neutrinos mixing parameters from a heavy neutrino decay search}",
    booktitle = "{6th Moriond Workshop: Massive Neutrinos in Particle Physics and Astrophysics}",
    year = "1986"
}
@article{Shrock:1980vy,
    author = "Shrock, R.E.",
    title = "{New Tests For, and Bounds On, Neutrino Masses and Lepton Mixing}",
    reportNumber = "ITP-SB-80-23",
    doi = "10.1016/0370-2693(80)90235-X",
    journal = "Phys. Lett. B",
    volume = "96",
    pages = "159--164",
    year = "1980"
}
@article{Shrock:1980ct,
    author = "Shrock, Robert E.",
    title = "{General Theory of Weak Leptonic and Semileptonic Decays. 1. Leptonic Pseudoscalar Meson Decays, with Associated Tests For, and Bounds on, Neutrino Masses and Lepton Mixing}",
    reportNumber = "ITP-SB-80-56",
    doi = "10.1103/PhysRevD.24.1232",
    journal = "Phys. Rev. D",
    volume = "24",
    pages = "1232",
    year = "1981"
}
@article{Gorbunov:2021ccu,
    author = "Gorbunov, Dmitry and Krasnov, Igor and Suvorov, Sergey",
    title = "{Constraints on light scalars from PS191 results}",
    eprint = "2105.11102",
    archivePrefix = "arXiv",
    primaryClass = "hep-ph",
    reportNumber = "INR-TH-2021-012",
    doi = "10.1016/j.physletb.2021.136524",
    journal = "Phys. Lett. B",
    volume = "820",
    pages = "136524",
    year = "2021"
}
@article{Coloma:2020lgy,
    author = "Coloma, Pilar and Fern\'andez-Mart\'\i{}nez, Enrique and Gonz\'alez-L\'opez, Manuel and Hern\'andez-Garc\'\i{}a, Josu and Pavlovic, Zarko",
    title = "{GeV-scale neutrinos: interactions with mesons and DUNE sensitivity}",
    eprint = "2007.03701",
    archivePrefix = "arXiv",
    primaryClass = "hep-ph",
    reportNumber = "FERMILAB-PUB-20-269-ND",
    doi = "10.1140/epjc/s10052-021-08861-y",
    journal = "Eur. Phys. J. C",
    volume = "81",
    number = "1",
    pages = "78",
    year = "2021"
}
@article{T2KND280TPC:2010nnd,
    author = "Abgrall, N. and others",
    collaboration = "T2K ND280 TPC",
    title = "{Time Projection Chambers for the T2K Near Detectors}",
    eprint = "1012.0865",
    archivePrefix = "arXiv",
    primaryClass = "physics.ins-det",
    doi = "10.1016/j.nima.2011.02.036",
    journal = "Nucl. Instrum. Meth. A",
    volume = "637",
    pages = "25--46",
    year = "2011"
}
@article{T2K:2019bbb,
    author = "Abe, K. and others",
    collaboration = "T2K",
    title = "{T2K ND280 Upgrade - Technical Design Report}",
    eprint = "1901.03750",
    archivePrefix = "arXiv",
    primaryClass = "physics.ins-det",
    reportNumber = "CERN-SPSC-2019-001 (SPSC-TDR-006)",
    month = "1",
    year = "2019"
}
@article{MicroBooNE:2021ewq,
    author = "Abratenko, P. and others",
    collaboration = "MicroBooNE",
    title = "{Search for a Higgs portal scalar decaying to electron-positron pairs in the MicroBooNE detector}",
    eprint = "2106.00568",
    archivePrefix = "arXiv",
    primaryClass = "hep-ex",
    reportNumber = "FERMILAB-PUB-21-262-E",
    month = "6",
    year = "2021"
}
@article{Coloma:2017ppo,
    author = "Coloma, Pilar and Machado, Pedro A. N. and Martinez-Soler, Ivan and Shoemaker, Ian M.",
    title = "{Double-Cascade Events from New Physics in Icecube}",
    eprint = "1707.08573",
    archivePrefix = "arXiv",
    primaryClass = "hep-ph",
    reportNumber = "FERMILAB-PUB-17-287-T",
    doi = "10.1103/PhysRevLett.119.201804",
    journal = "Phys. Rev. Lett.",
    volume = "119",
    number = "20",
    pages = "201804",
    year = "2017"
}
@article{Kelly:2021xbv,
    author = "Kelly, Kevin James and Machado, Pedro AN",
    title = "{The MicroBooNE Experiment, the NuMI Absorber, and Heavy Neutral Leptons}",
    eprint = "2106.06548",
    archivePrefix = "arXiv",
    primaryClass = "hep-ph",
    reportNumber = "FERMILAB-PUB-21-277-T",
    month = "6",
    year = "2021"
}
@article{Arguelles:2018mtc,
    author = {Arg\"uelles, Carlos A. and Hostert, Matheus and Tsai, Yu-Dai},
    title = "{Testing New Physics Explanations of the MiniBooNE Anomaly at Neutrino Scattering Experiments}",
    eprint = "1812.08768",
    archivePrefix = "arXiv",
    primaryClass = "hep-ph",
    reportNumber = "IPPP/18/113, FERMILAB-PUB-18-686-A-ND-PPD-T",
    doi = "10.1103/PhysRevLett.123.261801",
    journal = "Phys. Rev. Lett.",
    volume = "123",
    number = "26",
    pages = "261801",
    year = "2019"
}
@article{Drewes:2015iva,
    author = {Drewes, Marco and Garbrecht, Bj\"orn},
    title = "{Combining experimental and cosmological constraints on heavy neutrinos}",
    eprint = "1502.00477",
    archivePrefix = "arXiv",
    primaryClass = "hep-ph",
    reportNumber = "TUM-HEP-979-15",
    doi = "10.1016/j.nuclphysb.2017.05.001",
    journal = "Nucl. Phys. B",
    volume = "921",
    pages = "250--315",
    year = "2017"
}
@article{Ruchayskiy:2011aa,
    author = "Ruchayskiy, Oleg and Ivashko, Artem",
    title = "{Experimental bounds on sterile neutrino mixing angles}",
    eprint = "1112.3319",
    archivePrefix = "arXiv",
    primaryClass = "hep-ph",
    reportNumber = "CERN-PH-TH-2011-312",
    doi = "10.1007/JHEP06(2012)100",
    journal = "JHEP",
    volume = "06",
    pages = "100",
    year = "2012"
}
@article{Kusenko:2004qc,
    author = "Kusenko, Alexander and Pascoli, Silvia and Semikoz, Dmitry",
    title = "{New bounds on MeV sterile neutrinos based on the accelerator and Super-Kamiokande results}",
    eprint = "hep-ph/0405198",
    archivePrefix = "arXiv",
    reportNumber = "UCLA-04-TEP-04",
    doi = "10.1088/1126-6708/2005/11/028",
    journal = "JHEP",
    volume = "11",
    pages = "028",
    year = "2005"
}
@article{Bernardi:1985ny,
    author = "Bernardi, G. and others",
    title = "{Search for Neutrino Decay}",
    reportNumber = "CERN-EP/85-177",
    doi = "10.1016/0370-2693(86)91602-3",
    journal = "Phys. Lett. B",
    volume = "166",
    pages = "479--483",
    year = "1986"
}
@article{Bernardi:1986hs,
    author = "Bernardi, G. and others",
    title = "{Anomalous Electron Production Observed in the {CERN} Ps Neutrino Beam}",
    reportNumber = "CERN-EP/86-58",
    doi = "10.1016/0370-2693(86)91278-5",
    journal = "Phys. Lett. B",
    volume = "181",
    pages = "173--177",
    year = "1986"
}
@article{Bernardi:1987ek,
    author = "Bernardi, G. and others",
    title = "{FURTHER LIMITS ON HEAVY NEUTRINO COUPLINGS}",
    reportNumber = "CERN-EP/87-234",
    doi = "10.1016/0370-2693(88)90563-1",
    journal = "Phys. Lett. B",
    volume = "203",
    pages = "332--334",
    year = "1988"
}
@article{Abe:2012av,
    author = "Abe, K. and others",
    collaboration = "T2K",
    title = "{T2K neutrino flux prediction}",
    eprint = "1211.0469",
    archivePrefix = "arXiv",
    primaryClass = "hep-ex",
    doi = "10.1103/PhysRevD.87.012001",
    journal = "Phys. Rev. D",
    volume = "87",
    number = "1",
    pages = "012001",
    year = "2013",
    note = "[Addendum: Phys.Rev.D 87, 019902 (2013)]"
}
@article{Asaka:2012bb,
    author = "Asaka, Takehiko and Eijima, Shintaro and Watanabe, Atsushi",
    title = "{Heavy neutrino search in accelerator-based experiments}",
    eprint = "1212.1062",
    archivePrefix = "arXiv",
    primaryClass = "hep-ph",
    doi = "10.1007/JHEP03(2013)125",
    journal = "JHEP",
    volume = "03",
    pages = "125",
    year = "2013"
}
@article{Abe:2019kgx,
    author = "Abe, K. and others",
    collaboration = "T2K",
    title = "{Search for heavy neutrinos with the T2K near detector ND280}",
    eprint = "1902.07598",
    archivePrefix = "arXiv",
    primaryClass = "hep-ex",
    doi = "10.1103/PhysRevD.100.052006",
    journal = "Phys. Rev. D",
    volume = "100",
    number = "5",
    pages = "052006",
    year = "2019"
}
@article{Batell:2009di,
    author = "Batell, Brian and Pospelov, Maxim and Ritz, Adam",
    title = "{Exploring Portals to a Hidden Sector Through Fixed Targets}",
    eprint = "0906.5614",
    archivePrefix = "arXiv",
    primaryClass = "hep-ph",
    doi = "10.1103/PhysRevD.80.095024",
    journal = "Phys. Rev. D",
    volume = "80",
    pages = "095024",
    year = "2009"
}
@article{Batell:2019nwo,
    author = "Batell, Brian and Berger, Joshua and Ismail, Ahmed",
    title = "{Probing the Higgs Portal at the Fermilab Short-Baseline Neutrino Experiments}",
    eprint = "1909.11670",
    archivePrefix = "arXiv",
    primaryClass = "hep-ph",
    reportNumber = "PITT-PACC-1906, OSU-HEP-19-07",
    doi = "10.1103/PhysRevD.100.115039",
    journal = "Phys. Rev. D",
    volume = "100",
    number = "11",
    pages = "115039",
    year = "2019"
}
@article{Ballett:2016opr,
    author = "Ballett, Peter and Pascoli, Silvia and Ross-Lonergan, Mark",
    title = "{MeV-scale sterile neutrino decays at the Fermilab Short-Baseline Neutrino program}",
    eprint = "1610.08512",
    archivePrefix = "arXiv",
    primaryClass = "hep-ph",
    doi = "10.1007/JHEP04(2017)102",
    journal = "JHEP",
    volume = "04",
    pages = "102",
    year = "2017"
}
@article{Fischer:2019fbw,
    author = "Fischer, Oliver and Hern\'andez-Cabezudo, \'Alvaro and Schwetz, Thomas",
    title = "{Explaining the MiniBooNE excess by a decaying sterile neutrino with mass in the 250 MeV range}",
    eprint = "1909.09561",
    archivePrefix = "arXiv",
    primaryClass = "hep-ph",
    doi = "10.1103/PhysRevD.101.075045",
    journal = "Phys. Rev. D",
    volume = "101",
    number = "7",
    pages = "075045",
    year = "2020"
}
@article{Izaguirre:2017bqb,
    author = "Izaguirre, Eder and Kahn, Yonatan and Krnjaic, Gordan and Moschella, Matthew",
    title = "{Testing Light Dark Matter Coannihilation With Fixed-Target Experiments}",
    eprint = "1703.06881",
    archivePrefix = "arXiv",
    primaryClass = "hep-ph",
    reportNumber = "FERMILAB-PUB-17-068-PPD, PUPT-2520",
    doi = "10.1103/PhysRevD.96.055007",
    journal = "Phys. Rev. D",
    volume = "96",
    number = "5",
    pages = "055007",
    year = "2017"
}
@article{Tucker-Smith:2001myb,
    author = "Tucker-Smith, David and Weiner, Neal",
    title = "{Inelastic dark matter}",
    eprint = "hep-ph/0101138",
    archivePrefix = "arXiv",
    reportNumber = "UCB-PTH-00-43, LBNL-47234, UW-PT-00-17",
    doi = "10.1103/PhysRevD.64.043502",
    journal = "Phys. Rev. D",
    volume = "64",
    pages = "043502",
    year = "2001"
}
@article{Fuyuto:2014cya,
    author = "Fuyuto, Kaori and Hou, Wei-Shu and Kohda, Masaya",
    title = "{Loophole in $K \to \pi\nu\bar{\nu}$ Search and New Weak Leptonic Forces}",
    eprint = "1412.4397",
    archivePrefix = "arXiv",
    primaryClass = "hep-ph",
    reportNumber = "CYCU-HEP-14-12",
    doi = "10.1103/PhysRevLett.114.171802",
    journal = "Phys. Rev. Lett.",
    volume = "114",
    pages = "171802",
    year = "2015"
}
@article{Ballett:2019pyw,
    author = "Ballett, Peter and Hostert, Matheus and Pascoli, Silvia",
    title = "{Dark Neutrinos and a Three Portal Connection to the Standard Model}",
    eprint = "1903.07589",
    archivePrefix = "arXiv",
    primaryClass = "hep-ph",
    reportNumber = "IPPP/19/19/FTPI-MINN-20-17, IPPP/19/19",
    doi = "10.1103/PhysRevD.101.115025",
    journal = "Phys. Rev. D",
    volume = "101",
    number = "11",
    pages = "115025",
    year = "2020"
}
@article{Ballett:2019cqp,
    author = "Ballett, Peter and Hostert, Matheus and Pascoli, Silvia",
    title = "{Neutrino Masses from a Dark Neutrino Sector below the Electroweak Scale}",
    eprint = "1903.07590",
    archivePrefix = "arXiv",
    primaryClass = "hep-ph",
    reportNumber = "IPPP/19/21",
    doi = "10.1103/PhysRevD.99.091701",
    journal = "Phys. Rev. D",
    volume = "99",
    number = "9",
    pages = "091701",
    year = "2019"
}
@article{Arguelles:2018mtc,
    author = {Arg\"uelles, Carlos A. and Hostert, Matheus and Tsai, Yu-Dai},
    title = "{Testing New Physics Explanations of the MiniBooNE Anomaly at Neutrino Scattering Experiments}",
    eprint = "1812.08768",
    archivePrefix = "arXiv",
    primaryClass = "hep-ph",
    reportNumber = "IPPP/18/113, FERMILAB-PUB-18-686-A-ND-PPD-T",
    doi = "10.1103/PhysRevLett.123.261801",
    journal = "Phys. Rev. Lett.",
    volume = "123",
    number = "26",
    pages = "261801",
    year = "2019"
}

@article{upcoming,
    author = "Arguelles, Carlos and Foppiani, Nicolo and Hostert, Matheus",
    journal = "WIN 2021",
    year = "2021",
    title = "Exploring the multi-dimensional space of dark neutrinos at the T2K near detector",
    url = "https://indico.fnal.gov/event/44492/contributions/214330/"
}
@article{Bertuzzo:2018itn,
    author = "Bertuzzo, Enrico and Jana, Sudip and Machado, Pedro A.N. and Zukanovich Funchal, Renata",
    title = "{Dark Neutrino Portal to Explain MiniBooNE excess}",
    eprint = "1807.09877",
    archivePrefix = "arXiv",
    primaryClass = "hep-ph",
    reportNumber = "FERMILAB-PUB-18-336-T, OSU-HEP-18-04",
    doi = "10.1103/PhysRevLett.121.241801",
    journal = "Phys. Rev. Lett.",
    volume = "121",
    number = "24",
    pages = "241801",
    year = "2018"
}

@article{Bertuzzo:2018ftf,
    author = "Bertuzzo, Enrico and Jana, Sudip and Machado, Pedro A.N. and Zukanovich Funchal, Renata",
    title = "{Neutrino Masses and Mixings Dynamically Generated by a Light Dark Sector}",
    eprint = "1808.02500",
    archivePrefix = "arXiv",
    primaryClass = "hep-ph",
    reportNumber = "FERMILAB-PUB-18-381-T, OSU-HEP-18-05",
    doi = "10.1016/j.physletb.2019.02.023",
    journal = "Phys. Lett. B",
    volume = "791",
    pages = "210--214",
    year = "2019"
}
@article{Ballett:2018ynz,
    author = "Ballett, Peter and Pascoli, Silvia and Ross-Lonergan, Mark",
    title = "{U(1)' mediated decays of heavy sterile neutrinos in MiniBooNE}",
    eprint = "1808.02915",
    archivePrefix = "arXiv",
    primaryClass = "hep-ph",
    reportNumber = "IPPP/18/70",
    doi = "10.1103/PhysRevD.99.071701",
    journal = "Phys. Rev. D",
    volume = "99",
    pages = "071701",
    year = "2019"
}

@article{Assylbekov:2011sh,
    author = "Assylbekov, S. and others",
    title = "{The T2K ND280 Off-Axis Pi-Zero Detector}",
    eprint = "1111.5030",
    archivePrefix = "arXiv",
    primaryClass = "physics.ins-det",
    doi = "10.1016/j.nima.2012.05.028",
    journal = "Nucl. Instrum. Meth. A",
    volume = "686",
    pages = "48--63",
    year = "2012"
}
@phdthesis{Lamoureux:2018owo,
    author = "Lamoureux, Mathieu",
    title = "{Recherche de neutrinos lourds avec l'exp\'erience T2K}",
    reportNumber = "tel-01835103, 2018SACLS187",
    school = "Saclay",
    year = "2018"
}
@phdthesis{Gilje:2014cwd,
    author = "Gilje, Karin",
    title = "{Neutral Current $\pi^0$ Production Rate Measurement On-Water Using the $\pi^0$ Detector in the Near Detector of the T2K Experiment}",
    reportNumber = "AAT-3641835",
    school = "SUNY, Stony Brook",
    year = "2014"
}


%%%%%%%%%%%%%%%%%%%%%%%%%%%%%%
% TYPE-I SEESAW
@article{Cheng:1980qt,
      author         = "Cheng, T. P. and Li, Ling-Fong",
      title          = "{Neutrino Masses, Mixings and Oscillations in SU(2) x
                        U(1) Models of Electroweak Interactions}",
      journal        = "Phys. Rev.",
      volume         = "D22",
      year           = "1980",
      pages          = "2860",
      doi            = "10.1103/PhysRevD.22.2860",
      reportNumber   = "PRINT-80-0511 (CARNEGIE-MELLON), COO-3066-152",
      SLACcitation   = "%%CITATION = PHRVA,D22,2860;%%"
}
@article{Lazarides:1980nt,
      author         = "Lazarides, George and Shafi, Q. and Wetterich, C.",
      title          = "{Proton Lifetime and Fermion Masses in an SO(10) Model}",
      journal        = "Nucl. Phys.",
      volume         = "B181",
      year           = "1981",
      pages          = "287-300",
      doi            = "10.1016/0550-3213(81)90354-0",
      reportNumber   = "FREIBURG-THEP-80-2",
      SLACcitation   = "%%CITATION = NUPHA,B181,287;%%"
}


@article{Yanagida:1979as,
      author         = "Yanagida, Tsutomu",
      title          = "{HORIZONTAL SYMMETRY AND MASSES OF NEUTRINOS}",
      booktitle      = "{Proceedings: Workshop on the Unified Theories and the
                        Baryon Number in the Universe: Tsukuba, Japan, February
                        13-14, 1979}",
      journal        = "Conf. Proc.",
      volume         = "C7902131",
      year           = "1979",
      pages          = "95-99",
      reportNumber   = "KEK-79-18-95",
      SLACcitation   = "%%CITATION = CONFP,C7902131,95;%%"
}

@article{GellMann:1980vs,
      author         = "Gell-Mann, Murray and Ramond, Pierre and Slansky,
                        Richard",
      title          = "{Complex Spinors and Unified Theories}",
      booktitle      = "{Supergravity Workshop Stony Brook, New York, September
                        27-28, 1979}",
      journal        = "Conf. Proc.",
      volume         = "C790927",
      year           = "1979",
      pages          = "315-321",
      eprint         = "1306.4669",
      archivePrefix  = "arXiv",
      primaryClass   = "hep-th",
      reportNumber   = "PRINT-80-0576",
      SLACcitation   = "%%CITATION = ARXIV:1306.4669;%%"
}

@article{Mohapatra:1979ia,
      author         = "Mohapatra, Rabindra N. and Senjanovic, Goran",
      title          = "{Neutrino Mass and Spontaneous Parity Violation}",
      journal        = "Phys. Rev. Lett.",
      volume         = "44",
      year           = "1980",
      pages          = "912",
      doi            = "10.1103/PhysRevLett.44.912",
      note           = "[,231(1979)]",
      reportNumber   = "MDDP-TR-80-060, MDDP-PP-80-105, CCNY-HEP-79-10",
      SLACcitation   = "%%CITATION = PRLTA,44,912;%%"
}
@article{Minkowski:1977sc,
      author         = "Minkowski, Peter",
      title          = "{$\mu \to e\gamma$ at a Rate of One Out of $10^{9}$ Muon
                        Decays?}",
      journal        = "Phys. Lett.",
      volume         = "67B",
      year           = "1977",
      pages          = "421-428",
      doi            = "10.1016/0370-2693(77)90435-X",
      reportNumber   = "Print-77-0182 (BERN)",
      SLACcitation   = "%%CITATION = PHLTA,67B,421;%%"
}

@article{Mohapatra:1980yp,
      author         = "Mohapatra, Rabindra N. and Senjanovic, Goran",
      title          = "{Neutrino Masses and Mixings in Gauge Models with
                        Spontaneous Parity Violation}",
      journal        = "Phys. Rev.",
      volume         = "D23",
      year           = "1981",
      pages          = "165",
      doi            = "10.1103/PhysRevD.23.165",
      reportNumber   = "FERMILAB-PUB-80-061-THY, FERMILAB-PUB-80-061-T",
      SLACcitation   = "%%CITATION = PHRVA,D23,165;%%"
}

@article{Foot:1988aq,
      author         = "Foot, Robert and Lew, H. and He, X. G. and Joshi, Girish
                        C.",
      title          = "{Seesaw Neutrino Masses Induced by a Triplet of Leptons}",
      journal        = "Z. Phys.",
      volume         = "C44",
      year           = "1989",
      pages          = "441",
      doi            = "10.1007/BF01415558",
      reportNumber   = "UM-P-88/89, OZ-P-88/7",
      SLACcitation   = "%%CITATION = ZEPYA,C44,441;%%"
}

@article{Schechter:1980gr,
      author         = "Schechter, J. and Valle, J. W. F.",
      title          = "{Neutrino Masses in SU(2) x U(1) Theories}",
      journal        = "Phys. Rev.",
      volume         = "D22",
      year           = "1980",
      pages          = "2227",
      doi            = "10.1103/PhysRevD.22.2227",
      reportNumber   = "SU-4217-167, COO-3533-167",
      SLACcitation   = "%%CITATION = PHRVA,D22,2227;%%"
}
@article{Mohapatra:1986bd,
      author         = "Mohapatra, R. N. and Valle, J. W. F.",
      title          = "{Neutrino Mass and Baryon Number Nonconservation in
                        Superstring Models}",
      booktitle      = "{Sixty years of double beta decay: From nuclear physics
                        to beyond standard model particle physics}",
      journal        = "Phys. Rev.",
      volume         = "D34",
      year           = "1986",
      pages          = "1642",
      doi            = "10.1103/PhysRevD.34.1642",
      note           = "[,235(1986)]",
      reportNumber   = "MdDP-PP-86-127",
      SLACcitation   = "%%CITATION = PHRVA,D34,1642;%%"
}


%%%%%%%%%%%%%%%%%%%%
% Inverse seesaw 
@article{GonzalezGarcia:1988rw,
      author         = "Gonzalez-Garcia, M. C. and Valle, J. W. F.",
      title          = "{Fast Decaying Neutrinos and Observable Flavor Violation
                        in a New Class of Majoron Models}",
      journal        = "Phys. Lett.",
      volume         = "B216",
      year           = "1989",
      pages          = "360-366",
      doi            = "10.1016/0370-2693(89)91131-3",
      reportNumber   = "CERN-TH-5170-88, FTUV-10-88",
      SLACcitation   = "%%CITATION = PHLTA,B216,360;%%"
}


%%%%%%%%%%%%%%%%%%%
% Linear Seesaw
@article{Wyler:1982dd,
      author         = "Wyler, D. and Wolfenstein, L.",
      title          = "{Massless Neutrinos in Left-Right Symmetric Models}",
      journal        = "Nucl. Phys.",
      volume         = "B218",
      year           = "1983",
      pages          = "205-214",
      doi            = "10.1016/0550-3213(83)90482-0",
      reportNumber   = "CERN-TH-3435",
      SLACcitation   = "%%CITATION = NUPHA,B218,205;%%"
}
@article{Akhmedov:1995ip,
      author         = "Akhmedov, Evgeny K. and Lindner, Manfred and Schnapka,
                        Erhard and Valle, J. W. F.",
      title          = "{Left-right symmetry breaking in NJL approach}",
      journal        = "Phys. Lett.",
      volume         = "B368",
      year           = "1996",
      pages          = "270-280",
      doi            = "10.1016/0370-2693(95)01504-3",
      eprint         = "hep-ph/9507275",
      archivePrefix  = "arXiv",
      primaryClass   = "hep-ph",
      reportNumber   = "IC-95-125, TUM-HEP-221-95, MPI-PHT-95-35, FTUV-95-34,
                        IFIC-95-36",
      SLACcitation   = "%%CITATION = HEP-PH/9507275;%%"
}
@article{Akhmedov:1995vm,
      author         = "Akhmedov, Evgeny K. and Lindner, Manfred and Schnapka,
                        Erhard and Valle, J. W. F.",
      title          = "{Dynamical left-right symmetry breaking}",
      journal        = "Phys. Rev.",
      volume         = "D53",
      year           = "1996",
      pages          = "2752-2780",
      doi            = "10.1103/PhysRevD.53.2752",
      eprint         = "hep-ph/9509255",
      archivePrefix  = "arXiv",
      primaryClass   = "hep-ph",
      reportNumber   = "IC-95-126, TUM-HEP-222-95, MPI-PHT-95-70, FTUV-95-36,
                        IFIC-95-38",
      SLACcitation   = "%%CITATION = HEP-PH/9509255;%%"
}

%%%%%%%%%%%%%%%%
% Extended Seesaw
@article{Barry:2011wb,
      author         = "Barry, James and Rodejohann, Werner and Zhang, He",
      title          = "{Light Sterile Neutrinos: Models and Phenomenology}",
      journal        = "JHEP",
      volume         = "07",
      year           = "2011",
      pages          = "091",
      doi            = "10.1007/JHEP07(2011)091",
      eprint         = "1105.3911",
      archivePrefix  = "arXiv",
      primaryClass   = "hep-ph",
      SLACcitation   = "%%CITATION = ARXIV:1105.3911;%%"
}
@article{Zhang:2011vh,
      author         = "Zhang, He",
      title          = "{Light Sterile Neutrino in the Minimal Extended Seesaw}",
      journal        = "Phys. Lett.",
      volume         = "B714",
      year           = "2012",
      pages          = "262-266",
      doi            = "10.1016/j.physletb.2012.06.074",
      eprint         = "1110.6838",
      archivePrefix  = "arXiv",
      primaryClass   = "hep-ph",
      SLACcitation   = "%%CITATION = ARXIV:1110.6838;%%"
}

@article{Abe:2016tii,
    author = "Abe, Ko and others",
    title = "{Proposal for an Extended Run of T2K to $20\times10^{21}$ POT}",
    eprint = "1609.04111",
    archivePrefix = "arXiv",
    primaryClass = "hep-ex",
    month = "9",
    year = "2016"
}

@article{Orloff:2002de,
    author = "Orloff, J. and Rozanov, Alexandre N. and Santoni, C.",
    title = "{Limits on the mixing of tau neutrino to heavy neutrinos}",
    eprint = "hep-ph/0208075",
    archivePrefix = "arXiv",
    reportNumber = "PCCF-RI-0205",
    doi = "10.1016/S0370-2693(02)02769-7",
    journal = "Phys. Lett. B",
    volume = "550",
    pages = "8--15",
    year = "2002"
}

@article{NOMAD:2001eyx,
    author = "Astier, P. and others",
    collaboration = "NOMAD",
    title = "{Search for heavy neutrinos mixing with tau neutrinos}",
    eprint = "hep-ex/0101041",
    archivePrefix = "arXiv",
    reportNumber = "CERN-EP-2001-005",
    doi = "10.1016/S0370-2693(01)00362-8",
    journal = "Phys. Lett. B",
    volume = "506",
    pages = "27--38",
    year = "2001"
}

@article{microboone_hnl,
    author = "Abratenko, P. and others",
    collaboration = "MicroBooNE",
    title = "{Search for Heavy Neutral Leptons Decaying into Muon-Pion Pairs in the MicroBooNE Detector}",
    eprint = "1911.10545",
    archivePrefix = "arXiv",
    primaryClass = "hep-ex",
    reportNumber = "FERMILAB-PUB-19-581-ND",
    doi = "10.1103/PhysRevD.101.052001",
    journal = "Phys. Rev. D",
    volume = "101",
    number = "5",
    pages = "052001",
    year = "2020"
}

@article{icarus,
    author = "Tortorici, F. and Bellini, V. and Petta, C. and Sutera, C. M.",
    editor = "Aramo, Carla and Buscemi, Mario and Caruso, Rossella and Colalillo, Roberta and Costa, Salvatore and Guarino, Fausto and Insolia, Antonio and Valore, Laura",
    collaboration = "ICARUS",
    title = "{The ICARUS Experiment}",
    doi = "10.1016/j.nuclphysbps.2019.07.022",
    journal = "Nucl. Part. Phys. Proc.",
    volume = "306-308",
    pages = "154--162",
    year = "2019"
}

@article{sbnd,
    author = "Tufanli, Serhan",
    collaboration = "SBND",
    title = "{The SBND experiment}",
    doi = "10.22323/1.274.0070",
    journal = "PoS",
    volume = "HQL2016",
    pages = "070",
    year = "2017"
}